@article{Barker,
author = {Barker, Elaine and Dang, Quynh},
doi = {10.6028/NIST.SP.800-57pt3r1},
file = {:C$\backslash$:/Users/rhofs/AppData/Local/Mendeley Ltd./Mendeley Desktop/Downloaded/Barker, Dang - Unknown - NIST SP 800-57 Part 3 Rev. 1, Recommendation for Key Management, Part 3 Application-Specific Key Management Gui.pdf:pdf},
keywords = {accreditation,assurances,authentication,authorization,availability,backup,certification,compromise,confidentiality,cryptanalysis,cryptographic key,cryptographic module,digital signature,key management,key management policy,key recovery,private key,public key,public key infrastructure,security plan,trust anchor,validation},
mendeley-groups = {Final Degree Project/Litt review},
title = {{NIST SP 800-57 Part 3 Rev. 1, Recommendation for Key Management, Part 3: Application-Specific Key Management Guidance}},
url = {http://dx.doi.org/10.6028/NIST.SP.800-57pt3r1},
year = {2015}
}

@book{Stubbig2019,
author = {Stubbig, Markus},
isbn = {978-3-73863-201-9},
mendeley-groups = {Final Degree Project},
publisher = {BoD - Books on Demand, Norderstedt},
title = {{Practical OPNsense - Enterprise firewall build on open source}},
year = {2019}
}

@misc{GeertJande1996,
author = {{Geert Jan de}, Groth and Yakov, Rekhter},
booktitle = {tools.ietf.org},
mendeley-groups = {Network Security},
title = {{RFC 1918 - Address Allocation for Private Internets}},
url = {https://tools.ietf.org/html/rfc1918},
urldate = {2021-02-23},
year = {1996}
}

@article{CiscoSystemsDivisionInternetTechnologies2005,
author = {{Cisco Systems Division Internet Technologies}},
file = {:C$\backslash$:/Users/rhofs/OneDrive/Dokumenter/Noroff/005 H{\o}st 2020/01 - Final Degree Project/60 - Litterature review/Tutorial/prod{\_}presentation0900aecd80311f49.pdf:pdf},
mendeley-groups = {Final Degree Project/Litt review},
number = {February},
title = {{Cisco Ios Netflow and Security Internet Technologies Division February 2005}},
year = {2005}
}
